@article{AgrawalWhitlock2011,
  title     = {Inferences about the distribution of dominance drawn from yeast gene knockout data},
  author    = {Agrawal, A.~F. and Whitlock, M.~C.},
  journal   = {Genetics},
  volume    = {178},
  pages     = {553--566},
  year      = {2011},
  publisher = {Gen.~Soc.~America}
}

@Book{Andersson1994,
  author    = {Malte Andersson},
  title     = {Sexual Selection},
  pages     = {},
  publisher = {Princeton University Press},
  year      = {1994},
  address   = {Princeton, New Jersey, USA}
}

@article{Ashman2015,
  title     = {Multilocus sex determination revealed in two populations of gynodioecious wild strawberry, \textit{Fragaria vesca} subs. \textit{bracteata}},
  author    = {Ashman, Tia-Lynn and Tennessen, J.~A. and Dalton, R.~M. and Govindarajulu, R. and Koski, M.~H. and Liston, A.},
  journal   = {G3},
  volume    = {5},
  pages     = {2759--2773},
  year      = {2015},
  publisher = {Gen.~Soc.~Am.}
}

@article{Bachtrog2014,
  title     = {Sex determination: why so many ways of doing it?},
  author    = {Bachtrog, D. and Mank, J.~E. and Peichel, C.~L. and Kirkpatrick, M. and Otto, S.~P. and Ashman, Tia-Lynn and Hahn, M.~W. and Kitano, J. and Mayrose, I. and Ming, R. and Perrin, N. and Ross, L. and Valenzuela, N. and Vamosi, J.~C. and The Tree of Sex Consortium},
  journal   = {PLoS Biology},
  volume    = {12},
  number    = {7},
  pages     = {e1001899},
  year      = {2014},
  publisher = {PLoS}
}

@article{Bachtrog2006,
  title     = {A dynamic view of sex chromosome evolution},
  author    = {Bachtrog, Doris},
  journal   = {Curr.~Op.~Gen.~Devel.},
  volume    = {16},
  pages     = {578--585},
  year      = {2006},
  publisher = {Science Direct}
}

@article{Barrett2010,
  title     = {Darwin's legacy: the forms, function, and sexual diversity of flowers},
  author    = {Barrett, S.~C.~H.},
  journal   = {Phil.~Trans.~Roy.~Soc.~B.},
  volume    = {365},
  pages     = {351--368},
  year      = {2010},
  publisher = {Roy.~Soc.~Lond.}
}

@article{Barson2015,
  title     = {Sex-dependent dominance at a single locus maintains variation in age at maturity in salmon},
  author    = {Barson, N.~J. and Ayanat, T. and Hindar, K. and Baranski, M. and Bolstad, G.~H. and Fiske, P. and Jacq, C. and Jensen, A.~J. and Johnston, S.~E. and Karlsson, S. and Kent, M. and Moen, T. and Niemel\"{a}, E. and Nome, T. and Naesje, T.~F. and Orell, P. and Romakkaniemi, A. and Saegrov, H. and Urdal, K. and Erkinaro, J. and Lien, S. and Primmer, C.~R.},
  journal   = {Nature},
  volume    = {528},
  pages     = {405--408},
  year      = {2015},
  publisher = {Nat.~Pub.~Grp.}
}

@article{Bawa1980,
  title     = {Evolution of dioecy in flowering plants},
  author    = {Bawa, K.~F.},
  journal   = {Ann.~Rev.~Ecol.~Syst.},
  volume    = {11},
  pages     = {15--39},
  year      = {1980},
  publisher = {Ann. Rev. Inc.}
}

@article{BondurianskyChenoweth2009,
  title     = {Intralocus sexual conflict},
  author    = {Bonduriansky, Russell and Chenoweth, Steven F.},
  journal   = {Trends in Ecology and Evolution},
  volume    = {24},
  pages     = {280--288},
  year      = {2009},
  publisher = {Cell Press}
}

@article{BlackburnOtto2010,
  title     = {The evolution of sex ratio adjustment in the presence of sexually antagonistic selection},
  author    = {Blackburn, Gwylim S. and Albert, Arianne Y.~K. and Otto, Sarah P.},
  journal   = {American Naturalist},
  volume    = {176},
  number    = {},
  pages     = {264--275},
  year      = {2010},
  publisher = {University of Chicago Press}
}

@article{Charlesworth2002,
  title     = {Plant sex determination and sex chromosomes},
  author    = {Charlesworth, Deborah},
  journal   = {Heredity},
  volume    = {88},
  pages     = {94--101},
  year      = {2002},
  publisher = {Nature Pub.~Grp.}
}

@article{CharlesworthEtAl2005,
  title     = {Steps in the evolution of heteromorphic sex chromosomes},
  author    = {Charlesworth, Deborah and Charlesworth, Brian and Marais, G.},
  journal   = {Heredity},
  volume    = {95},
  pages     = {118--128},
  year      = {2005},
  publisher = {Nature Pub.~Grp.}
}

@Book{Charlesworth2010,
  author    = {Brian Charlesworth and Deborah Charlesworth},
  title     = {Elements of evolutionary genetics},
  pages     = {461--464,473},
  publisher = {Roberts and Company},
  year      = {2010},
  address   = {Colorado, USA}
}

@article{ConnallonDowling2017,
  title     = {Coadaptation of mitochondrial and nuclear genes, and the cost of mother's curse},
  author    = {Connallon, Tim and Camus, Florencia M. and Morrow, Edward M. and Dowling, Damian K.},
  journal   = {Proc.~Roy.~Soc.~B},
  volume    = {285},
  pages     = {1--9},
  year      = {2017},
  publisher = {The Royal Society}
}

@article{ConnallonClark2010,
  title     = {Sex linkage, sex-specific selection, and the role of recombination in the evolution of sexually dimorphic gene expression},
  author    = {Connallon, Tim and Clark, Andy G.},
  journal   = {Evolution},
  volume    = {64},
  pages     = {3417--3442},
  year      = {2010},
  publisher = {Wiley Blackwell}
}

@article{ConnallonClark2012,
  title     = {A general population genetic framework for antagonistic selection that accounts for demography and recurrent mutation},
  author    = {Connallon, Tim and Clark, Andy G.},
  journal   = {Genetics},
  volume    = {190},
  pages     = {1477--1489},
  year      = {2012},
  publisher = {Genetics Soc.~Am.}
}

@article{ConnallonClark2014,
  title     = {Balancing selection in species with separate sexes: insights from Fisher's geometric model},
  author    = {Connallon, Tim and Clark, Andy},
  journal   = {Genetics},
  volume    = {197},
  pages     = {991--1006},
  year      = {2014},
  publisher = {Genetics Soc.~Am.}
}

@article{ConnallonJordan2016,
  title     = {Accumulation of deleterious mutations near sexually antagonistic genes},
  author    = {Connallon, Tim and Jordan, Crispin Y.},
  journal   = {G3},
  volume    = {6},
  pages     = {2273--2280},
  year      = {2016},
  publisher = {Genetics Society of America}
}

@Book{Ewens2004,
  author    = {Warren J.~Ewens},
  title     = {Mathematical population genetics I. Theoretical introduction, 2nd edn.},
  publisher = {Springer},
  year      = {2004},
  address   = {New York, NY, USA}
}

@article{FrankHurst1996,
  title     = {Mitochondria and male disease},
  author    = {Frank, S.~A. and Hurst, L.~D.},
  journal   = {Nature},
  volume    = {383},
  pages     = {224},
  year      = {1996},
  publisher = {Nature Publishing Grp.}
}

@article{Fry2010,
  title     = {The genomic location of sexually antagonistic variation: some cautionary comments},
  author    = {Fry, James D.},
  journal   = {Evolution},
  volume    = {64},
  pages     = {1510--1516},
  year      = {2009},
  publisher = {Wiley Blackwell}
}

@article{James1973,
  title     = {Covariances between relatives due to sex-linked genes},
  author    = {James, J.~W.},
  journal   = {Biometrics},
  volume    = {29},
  pages     = {584--588},
  year      = {1973},
  publisher = {International Biometric Society}
}

@article{JordanConnallon2014,
  title     = {Sexually antagonistic polymorphism in simultaneous hermaphrodites},
  author    = {Jordan, Crispin Y. and Connallon, Tim},
  journal   = {Evolution},
  volume    = {68},
  pages     = {3555--3569},
  year      = {2014},
  publisher = {Wiley Blackwell}
}

@article{Kidwell1977,
  title     = {Regions of stable equilibria for models of selection in the two sexes under random mating},
  author    = {Kidwell, J.~F. and Clegg, M.~T. and Stewart, F.~M. and Prout, T.},
  journal   = {Genetics},
  volume    = {85},
  pages     = {171--183},
  year      = {1977},
  publisher = {Genetics Society of America}
}

@article{Lewis1941,
  title     = {Male sterility in natural populations of hermaphrodite plants},
  author    = {Lewis, D.},
  journal   = {New Phyt.},
  volume    = {40},
  pages     = {56--63},
  year      = {1941},
  publisher = {}
}

@Book{LynchWalsh1998,
  author    = {Michael Lynch and Bruce Walsh},
  title     = {Genetics and Analysis of Quantitative Traits},
  publisher = {Sinauer Associates, Inc.},
  year      = {1998},
  address   = {MA, USA}
}

@article{Mank2017,
  title     = {Population genetics of sexual conflict in the genomic era},
  author    = {Mank, Judith E.},
  journal   = {Nature Reviews Genetics},
  volume    = {18},
  pages     = {721--730},
  year      = {2017},
  publisher = {Nature Publishing Group}
}

@article{MaynardSmith1976,
  title     = {What determines the rate of evolution?},
  author    = {Maynard Smith, J.},
  journal   = {American Naturalist},
  volume    = {110},
  pages     = {331--338},
  year      = {1976},
  publisher = {University of Chicago}
}

@article{Nagylaki1997,
  title     = {The diffusion model for migration and selection in a plant population},
  author    = {Nagylaki, T.},
  journal   = {J.~Math.~Biol.},
  volume    = {35},
  pages     = {409--431},
  year      = {1997},
  publisher = {}
}

@article{OhtaCockerham1974,
  title     = {Detrimental genes with partial selfing and effects on a neutral locus},
  author    = {Ohta, Tomoko and Cockerham, C. Clark},
  journal   = {Genet.~Res.~Camb.},
  volume    = {23},
  number    = {},
  pages     = {191--200},
  year      = {1974},
  publisher = {}
}


@article{Olito2016,
  title     = {Consequences of genetic linkage for the maintenance of sexually antagonistic polymorphism in hermaphrodites},
  author    = {Olito, Colin},
  journal   = {Evolution},
  volume    = {71},
  pages     = {458--464},
  year      = {2017},
  publisher = {Wiley Blackwell}
}

@Book{OttoDay2007,
  author    = {Sally Otto and Troy Day},
  title     = {A biologist's guide to mathematical modeling in ecology and evolution},
  publisher = {Princeton University Press},
  year      = {2007},
  address   = {New Jersey, USA}
}

@article{Patten2010,
  title     = {Fitness variation due to sexual antagonism and linkage disequilibrium},
  author    = {Patten, Manus and Haig, David and \'{U}beda, Francisco},
  journal   = {Evolution},
  volume    = {64},
  pages     = {3638--3642},
  year      = {2010},
  publisher = {Wiley Blackwell}
}

@article{Prout1968,
  title     = {Sufficient conditions for multiple niche polymorphism},
  author    = {Prout, Timothy},
  journal   = {American Naturalist},
  volume    = {102},
  pages     = {493--496},
  year      = {1968},
  publisher = {University of Chicago Press}
}

@incollection{Prout2000,
  author      = "Prout, Timothy",
  title       = "How well does opposing selection maintain variation?",
  editor      = "Singh, R.~S. and Kimbras, C.~B.",
  booktitle   = "Evolutionary genetics from molecules to morphology",
  publisher   = "Cambridge University Press",
  address     = "Cambridge, U.K.",
  year        = 2000,
  pages       = "157-203",
}

@article{Qiuetal2013,
  title     = {Testing for the footprint of sexually antagonistic polymorphisms in the pseudoautosomal region of a plant sex chromosome pair},
  author    = {Qiu, Suo and Bergero, Roberta, and Charlesworth, Deborah},
  journal   = {Genetics},
  volume    = {194},
  pages     = {663--672},
  year      = {2013},
  publisher = {Gen.~Soc.~Am.}
}

@article{Renner2014,
  title     = {The relative and absolute frequencies of angiosperm sexual systems: dioecy, monoecy, gynodioecy, and an updated online database},
  author    = {Renner, Susanne},
  journal   = {American Journal of Botany},
  volume    = {101},
  number    = {10},
  pages     = {1588--1596},
  year      = {2014},
  publisher = {Bot.~Soc.~Am.}
}

@article{Rice1987,
  title     = {The accumulation of sexually antagonistic genes as a selective agent promoting the evolution of reduced recombination between primitive sex chromosomes},
  author    = {Rice, William R.},
  journal   = {Evolution},
  volume    = {41},
  number    = {4},
  pages     = {911--914},
  year      = {1987},
  publisher = {Wiley}
}

@article{Rice1992,
  title     = {Sexually antagonistic genes: experimental evidence},
  author    = {Rice, William R.},
  journal   = {Science},
  volume    = {256},
  number    = {},
  pages     = {1436--1439},
  year      = {1992},
  publisher = {AAAS}
}

@article{Roze-etal2005,
  title     = {Germline Bottlenecks, Biparental Inheritance and Selection on Mitochondrial Variants: A Two-Level Selection Model},
  author    = {Roze, Denis and Rousset, Fran\c{c}ois and Michalakis, Yannis},
  journal   = {Genetics},
  volume    = {170},
  number    = {},
  pages     = {1385--1399},
  year      = {2005},
  publisher = {GSA}
}

@incollection{SakaiWeller1999,
  author      = "Sakai, Ann K. and Weller, Stephan G.",
  title       = "Gender and sexual dimorphism in flowering plants",
  editor      = "Geber, M.~A. and Dawson, T.~E. and Delph, L.~F.",
  booktitle   = "Gender and sexual dimorphism in flowering plants",
  publisher   = "Springer Science and Business Media",
  address     = "Heidelberg, Germany",
  year        = 1999,
  pages       = "1-31",
  chapter     = "1",
}

@article{UbedaPatten2010,
  title     = {Stable linkage disequilibrium owing to sexual antagonism},
  author    = {\'{U}beda, Francisco and Haig, David, and Patten, Manus},
  journal   = {Proc.~Roy.~Soc.~B},
  volume    = {},
  number    = {doi:10.1098/rspb.2010.1201},
  pages     = {1--8},
  year      = {2010},
  publisher = {Roy.~Soc.~Lond.}
}

@article{vanDoornKirkpatrick2007,
  title     = {Turnover of sex chromosomes induced by sexual conflict},
  author    = {van Doorn, G.~S. and Kirkpatrick, M.},
  journal   = {Nature},
  volume    = {449},
  pages     = {909--912},
  year      = {2007},
  publisher = {Nat.~Pub.~Grp.}
}

@article{vanDoornKirkpatrick2010,
  title     = {Transitions between male and female heterogamety caused by sex-antagonistic selection},
  author    = {van Doorn, G.~S. and Kirkpatrick, M.},
  journal   = {Genetics},
  volume    = {186},
  pages     = {629--645},
  year      = {2010},
  publisher = {Genetics Society of America}
}

@article{WeinreichChao2005,
  title     = {Rapid evolutionary escape by large populations from local fitness peaks is likely in nature},
  author    = {Weinreich, Daniel M. and Chao, Lin},
  journal   = {Evolution},
  volume    = {59},
  pages     = {1175--1182},
  year      = {2005},
  publisher = {Wiley Blackwell}
}

@article{Westergaard1958,
  title     = {The mechanism of sex determination in dioecious flowering plants},
  author    = {Westergaard, M.},
  journal   = {Adv. Genetics},
  volume    = {9},
  pages     = {217--281},
  year      = {1958},
  publisher = {}
}

@article{Yampolsky1922,
  title     = {Distribution of sex forms in the phanerogamic flora},
  author    = {Yampolsky, Cecil and Yampolsky, Helene},
  journal   = {Bib. Genetica},
  volume    = {3},
  pages     = {1--63},
  year      = {1922},
  publisher = {}
}
